@inproceedings{phillips2017predicting,
  title={Predicting cryptocurrency price bubbles using social media data and epidemic modelling},
  author={Phillips, Ross C and Gorse, Denise},
  booktitle={Computational Intelligence (SSCI), 2017 IEEE Symposium Series on},
  pages={1--7},
  year={2017},
  organization={IEEE}
}
@article{kim2016predicting,
  title={Predicting fluctuations in cryptocurrency transactions based on user comments and replies},
  author={Kim, Young Bin and Kim, Jun Gi and Kim, Wook and Im, Jae Ho and Kim, Tae Hyeong and Kang, Shin Jin and Kim, Chang Hun},
  journal={PloS one},
  volume={11},
  number={8},
  pages={e0161197},
  year={2016},
  publisher={Public Library of Science}
}
@techreport{liu2018risks,
  title={Risks and returns of cryptocurrency},
  author={Liu, Yukun and Tsyvinski, Aleh},
  year={2018},
  institution={National Bureau of Economic Research}
}